%introducción
    %motivación
    
@misc{mtvINTR,
    author    = "Ester Ribas",
    title     = "Qué es Api Rest y por qué debes de integrarla en tu negocio",
    url       = "https://bit.ly/2TTgi07",
    note  = {Visitado: 05/11/2020}

}
@misc{mtvMine,
    author    = "Minebox",
    title     = "Tienda oficial de MineBox",
    url       = "https://tienda.minebox.es/",
    note  = {Visitado: 05/11/2020}

}
@misc{mtvGoogle,
    author    = "Google LLC",
    title     = "Historias de éxito co Google Adsense",
    url       = "https://www.google.com/intl/es-419/adsense/start/success-stories/",
    note  = {Visitado: 05/11/2020}

}

@misc{mtvMines,
    author    = "40ServidoresMC",
    title     = "Lista de servidores Minecraft creadas por usuarios inexpertos",
    url       = "https://www.40servidoresmc.es/",
    note  = {Visitado: 05/11/2020}

}

@misc{mtvalmnube,
    author    = "Carlos González",
    title     = "Cómo crear tu propia nube para almacenar datos en casa",
    url       = "https://bit.ly/3evskWJ",
    note  = {Visitado: 05/11/2020}

}
@misc{mtvmt,
    author    = "QNAP Systems, Inc",
    title     = "Guía del usuario de Mattermost",
    url       = "https://www.qnap.com/es-es/how-to/tutorial/article/gu\%C3\%ADa-del-usuario-de-mattermost/",
    note  = {Visitado: 05/11/2020}

}

@misc{mtvtorrent,
    author    = "Alejandro, desdelinux",
    title     = "Montar un servidor casero de descargas Torrent",
    url       = "https://blog.desdelinux.net/montar-un-servidor-casero-de-descargas-torrent/",
    note  = {Visitado: 05/11/2020}

}

@misc{mtvcls,
    author    = "Cloudflare, Inc.",
    title     = "Cloudflare protección anti-DDOS",
    url       = "https://www.cloudflare.com/ddos/",
    note  = {Visitado: 05/11/2020}

}


@misc{mtvts3,
    author    = "Gustavo, Hostinger",
    title     = "Cómo crear un servidor TeamSpeak 3 – Guía completa",
    url       = "https://www.hostinger.es/tutoriales/crear-servidor-ts3-teamspeak-3",
    note  = {Visitado: 05/11/2020}

}
@misc{mtvtonlinesas,
    author    = "Online SAS",
    title     = "Proteja sus servidores dedicados de los ataques DDOS",
    url       = "https://www.online.net/es/dedicated-server/ddos-arbor",
    note  = {Visitado: 05/11/2020}

}
@misc{mtvalamzena,
    author    = "ALMAZENA INTERNET, S.L.",
    title     = "Almazena Cloud España",
    url       = "https://www.almazena.com/",
    note  = {Visitado: 05/11/2020}

}
@misc{mayoriaAntiddos,
    author    = "David Delony",
    title     = "The Best DDoS Protection Hosting: Who's The Best For Your Site",
    url       = "https://www.whoishostingthis.com/compare/ddos-protection/",
    note  = {Visitado: 05/11/2020}

}
@misc{clubvps,
    author    = "CloudVPS, Inc.",
    title     = "OpenStack for public and private clouds | CloudVPS",
    url       = "https://www.cloudvps.com/",
    note  = {Visitado: 05/11/2020}

}





@misc{mtvPrecios,
    author    = "Amazon Web Services",
    title     = "Precios amazon AWS",
    url       = "https://aws.amazon.com/es/pricing/",
    note  = {Visitado: 05/11/2020}

}


@misc{mtvDDOSCISCO,
    author    = "Paul Nicholson",
    title     = "Five Most Famous DDoS Attacks and Then Some",
    url       = "https://www.a10networks.com/blog/5-most-famous-ddos-attacks/",
    note  = {Visitado: 05/11/2020}

}
@misc{mtvDDOSK,
    author    = "Kaspersky",
    title     = "Ataques DDoS en el primer trimestre de 2019",
    url       = "https://securelist.lat/ddos-report-q1-2019/88828/",
    note  = {Visitado: 05/11/2020}

}


@misc{mtvDDOSCLoudflare,
    author    = "CloudFlare",
    title     = "Meet Gatebot - a bot that allows us to sleep",
    url       = "https://blog.cloudflare.com/meet-gatebot-a-bot-that-allows-us-to-sleep/",
    note  = {Visitado: 05/11/2020}

}
@misc{mtvDDOSFacebook,
    author    = "Nikita V. Shirokov. Facebook Traffic team",
    title     = "XDP: 1.5 years in production. Evolution and lessons learned.",
    url       = "https://bit.ly/32fXgpn",
    note  = {Visitado: 05/11/2020}

}

@misc{ciliumio,
    author    = "Thomas Graf",
    title     = "Why is the kernel community replacing iptables with BPF?",
    url       = "https://cilium.io/blog/2018/04/17/why-is-the-kernel-community-replacing-iptables/",
    note  = {Visitado: 05/11/2020}

}

@misc{ipsecaa,
    author    = "AspenCore",
    title     = "Accelerating network packet processing in Linux",
    url       = "https://www.embedded.com/accelerating-network-packet-processing-in-linux/",
    note  = {Visitado: 05/11/2020}

}

@misc{kk2,
    author    = "The kernel development community",
    title     = "The kernel Linux documentation XDP",
    url       = "https://www.kernel.org/doc/html/latest/networking/af_xdp.html",
    note  = {Visitado: 05/11/2020}

}
@misc{kk1,
    author    = "The kernel development community",
    title     = "The kernel Linux documentation BPF",
    url       = "https://www.kernel.org/doc/html/latest/bpf/index.html",
    note  = {Visitado: 05/11/2020}

}

@misc{kk3,
    author    = "Harald Welte, Pablo Neira Ayuso",
    title     = "The Netfilter proyect",
    url       = "https://www.netfilter.org/",
    note  = {Visitado: 05/11/2020}

}




%estadodelarte


@misc{atq1,
    author    = "Hostinger",
    title     = "Tecnología web de última generación.",
    url       = "https://www.hostinger.es/tecnologia",
    note  = {Visitado: 05/11/2020}

}

@misc{atq2,
    author    = "Arsys",
    title     = "Seguridad en hosting y almacenamiento",
    url       = "https://www.arsys.es/infraestructura/seguridad",
    note  = {Visitado: 05/11/2020}

}

@misc{ovhAntidDDOs,
    author    = "OVH",
    title     = "Tecnología anti-DDoS: Pre-firewall y firewall de red - OVH",
    url       = "https://www.ovh.es/anti-ddos/tecnologia-anti-ddos.xml",
    note  = {Visitado: 05/11/2020}

}
@misc{antiDDOSGuardian,
    author    = "Beethink",
    title     = "AntiDDoS",
    url       = "http://www.beethink.com",
    note  = {Visitado: 05/11/2020}

}


@misc{CompCloudflare,
    author    = "Marek Majkowski, Cloudflare",
    title     = "How to drop 10 million packets per second",
    url       = "https://blog.cloudflare.com/how-to-drop-10-million-packets/",
    note  = {Visitado: 05/11/2020}

}


@book{iptablesbook,
  author    = {Gregor N. Purdy}, 
  title     = {Linux iptables Pocket Reference: Firewalls, NAT y Accounting},
  publisher = {The name of the publisher},
  year      = 2004,
  volume    = 1,
  series    = 1,
  note      = {Explicación funcionamiento IPTables},
  isbn      = {978-1-4493-7898-1}
}


@misc{theipfire,
    author    = "IpFire ",
    title     = "IpFire - The Open Source Firewall",
    url       = "https://www.ipfire.org/",
    note  = {Visitado: 05/11/2020}

}
@misc{suricataex,
    author    = "Suricata",
    title     = "Suricata - Open Source IDS",
    url       = "https://suricata-ids.org/
",
    note  = {Visitado: 05/11/2020}

}

@misc{ipsetadv,
    author    = "Henry Van Styn",
    title     = "Advanced Firewall Configurations with ipset",
    url       = "https://www.linuxjournal.com/content/advanced-firewall-configurations-ipset",
    note  = {Visitado: 05/11/2020}

}

@misc{FortGuard,
    author    = "FortGuard",
    title     = "FortGuard - Anti-DDoS",
    url       = "https://fortguard.com/",
    note  = {Visitado: 05/11/2020}

}

@misc{expnftables,
    author    = "RedHat",
    title     = "Nftables explanation",
    url       = "https://www.youtube.com/watch?v=9Zr8XqdET1c
",
    note  = {Visitado: 05/11/2020}

}

@book{xdppapper,
  author    = {Toke Høiland-Jørgensen}, 
  title     = {The eXpress Data Path: Fast Programmable Packet Processing in the Operating System Kernel},
  year      = 2018,
  note      = {https://bit.ly/32fVDYE},
  isbn      = {978-1-4493-7898-1}
}


    %compilacionxdp

@misc{JITkernel,
    author    = "Eric Dumazet",
    title     = "net: filter: Just In Time compiler",
    url       = "https://lwn.net/Articles/437884/",
    note  = {Visitado: 05/11/2020}

}
@misc{BTF,
    author    = "The kernel development community",
    title     = "BPF Type Format (BTF)",
    url       = "https://www.kernel.org/doc/html/latest/bpf/btf.html",
    note  = {Visitado: 05/11/2020}

}



@article{einstein,
  author =       "Albert Einstein",
  title =        "{Zur Elektrodynamik bewegter K{\"o}rper}. ({German})
                 [{On} the electrodynamics of moving bodies]",
  journal =      "Annalen der Physik",
  volume =       "322",
  number =       "10",
  pages =        "891--921",
  year =         "1905",
  DOI =          "http://dx.doi.org/10.1002/andp.19053221004"
}

@book{latexcompanion,
    author    = "Michel Goossens and Frank Mittelbach and Alexander Samarin",
    title     = "The \LaTeX\ Companion",
    year      = "1993",
    publisher = "Addison-Wesley",
    address   = "Reading, Massachusetts"
}
 
@misc{knuthwebsite,
    author    = "Donald Knuth",
    title     = "Knuth: Computers and Typesetting",
    url       = "http://www-cs-faculty.stanford.edu/\~{}uno/abcde.html",
    note  = {Visitado: 05/11/2020}

}
